<?xml version="1.0" encoding="UTF-8"?><collection xmlns="http://www.loc.gov/MARC21/slim"><record><leader>00439nam--2200133-i-4500</leader><controlfield tag="001">000045543</controlfield><controlfield tag="002">20161230</controlfield><controlfield tag="005">20161230201045</controlfield><controlfield tag="008">060222s1000------------r-----000-0-eng-d</controlfield><datafield ind1=" " ind2=" " tag="080"><subfield code="a">546.11.02.3:614.876</subfield></datafield><datafield ind1=" " ind2=" " tag="245"><subfield code="a">Tritium in the environment. recommendations of the nat.council on rad.protection and measurements</subfield></datafield><datafield ind1=" " ind2=" " tag="260"><subfield code="a">Washington, Nat.Council On Rad.Prot.And Meassurements, 1979. Vi + 125 P.E</subfield></datafield><datafield ind1=" " ind2=" " tag="490"><subfield code="a">Ncrp Report</subfield></datafield><datafield ind1=" " ind2=" " tag="852"><subfield code="a">48335</subfield></datafield></record></collection>